@article{chan2002state,
  title={The state of the art of electric and hybrid vehicles},
  author={Chan, CC and others},
  journal={Proceedings of the IEEE},
  volume={90},
  number={2},
  pages={247--275},
  year={2002}
}


@phdthesis{lengvenytetransportas,
  title={Transportas i{\v{s}}maniajame mieste: elektromobili{\k{u}} raida ir {\v{s}}iuolaikin{\.e}s dizaino tendencijos},
  author={Lengvenyt{\.e}, Saul{\.e}},
  school={Vilnius Academy of Arts},
  year={2016}
}


@article{fan2017energy,
  title={Energy demand and greenhouse gas emissions of urban passenger transport in the Internet era: A case study of Beijing},
  author={Fan, Jing-Li and Wang, Jia-Xing and Li, Fengyu and Yu, Hao and Zhang, Xian},
  journal={Journal of cleaner production},
  volume={165},
  pages={177--189},
  year={2017},
  publisher={Elsevier}
}


@article{moon2018forecasting,
  title={Forecasting electricity demand of electric vehicles by analyzing consumersâ€™ charging patterns},
  author={Moon, HyungBin and Park, Stephen Youngjun and Jeong, Changhyun and Lee, Jongsu},
  journal={Transportation Research Part D: Transport and Environment},
  volume={62},
  pages={64--79},
  year={2018},
  publisher={Elsevier}
}

@article{juozapavivciene2012analysis,
  title={Analysis of Features of Power Market Price: Lithuanian Case},
  author={Juozapavi{\v{c}}ien{\.e}, Aldona and Bobinait{\.e}, Viktorija},
  journal={Business: Theory and Practice},
  volume={13},
  pages={122},
  year={2012},
  publisher={VGTU Press Technika}
}